@article{exoArchive,
Author = {R. L. Akeson and X. Chen and D. Ciardi and M. Crane and J. Good and others},
Title = {The NASA Exoplanet Archive: Data and Tools for Exoplanet Research},
Year = {2013},
Eprint = {arXiv:1307.2944},
Doi = {10.1086/672273},
}

@article {robert1998,
author = {Roberts, Gareth O. and Rosenthal, Jeffrey S.},
title = {Optimal scaling of discrete approximations to Langevin diffusions},
journal = {Journal of the Royal Statistical Society: Series B (Statistical Methodology)},
volume = {60},
number = {1},
publisher = {Blackwell Publishers Ltd.},
issn = {1467-9868},
url = {http://dx.doi.org/10.1111/1467-9868.00123},
doi = {10.1111/1467-9868.00123},
pages = {255--268},
keywords = {Hastingsâ€“Metropolis algorithm, Langevin algorithm, Markov chain Monte Carlo method, Weak convergence},
year = {1998},
}

@article{Goodman2010,
  doi = {10.2140/camcos.2010.5.65},
  url = {http://dx.doi.org/10.2140/camcos.2010.5.65},
  year  = {2010},
  month = {jan},
  publisher = {Mathematical Sciences Publishers},
  volume = {5},
  number = {1},
  pages = {65--80},
  author = {Jonathan Goodman and Jonathan Weare},
  title = {Ensemble samplers with affine invariance},
  journal = {{CAMCoS}}
}

@article{Girolami2011,
  doi = {10.1111/j.1467-9868.2010.00765.x},
  url = {http://dx.doi.org/10.1111/j.1467-9868.2010.00765.x},
  year  = {2011},
  month = {mar},
  publisher = {Wiley-Blackwell},
  volume = {73},
  number = {2},
  pages = {123--214},
  author = {Mark Girolami and Ben Calderhead},
  title = {Riemann manifold Langevin and Hamiltonian Monte Carlo methods},
  journal = {Journal of the Royal Statistical Society: Series B (Statistical Methodology)}
}

@article{Metropolis1953,
  doi = {10.1063/1.1699114},
  url = {http://dx.doi.org/10.1063/1.1699114},
  year  = {1953},
  publisher = {{AIP} Publishing},
  volume = {21},
  number = {6},
  pages = {1087},
  author = {Nicholas Metropolis and Arianna W. Rosenbluth and Marshall N. Rosenbluth and Augusta H. Teller and Edward Teller},
  title = {Equation of State Calculations by Fast Computing Machines},
  journal = {The Journal of Chemical Physics}
}

@article{Rein2016,
  doi = {10.1093/mnras/stw644},
  url = {http://dx.doi.org/10.1093/mnras/stw644},
  year  = {2016},
  month = {mar},
  publisher = {Oxford University Press ({OUP})},
  volume = {459},
  number = {3},
  pages = {2275--2285},
  author = {Hanno Rein and Daniel Tamayo},
  title = {Second-order variational equations {forN}-body simulations},
  journal = {Mon. Not. R. Astron. Soc.}
}

@article{Gladman1993,
  doi = {10.1006/icar.1993.1169},
  url = {https://doi.org/10.1006/icar.1993.1169},
  year  = {1993},
  month = {nov},
  publisher = {Elsevier {BV}},
  volume = {106},
  number = {1},
  pages = {247--263},
  author = {Brett Gladman},
  title = {Dynamics of Systems of Two Close Planets},
  journal = {Icarus}
}

@article{Pl2009,
  doi = {10.1111/j.1365-2966.2009.14853.x},
  url = {http://dx.doi.org/10.1111/j.1365-2966.2009.14853.x},
  year  = {2009},
  month = {jul},
  publisher = {Oxford University Press ({OUP})},
  volume = {396},
  number = {3},
  pages = {1737--1742},
  author = {Andr{\'{a}}s P{\'{a}}l},
  title = {An analytical solution for Kepler{\textquotesingle}s problem},
  journal = {Monthly Notices of the Royal Astronomical Society}
}

@incollection{softabs,
  year  = {2013},
  publisher = {Springer Science + Business Media},
  pages = {327--334},
  author = {Michael Betancourt},
  title = {A General Metric for Riemannian Manifold Hamiltonian Monte Carlo},
  booktitle = {Lecture Notes in Computer Science}
}

@article{HASTINGS1970,
  doi = {10.1093/biomet/57.1.97},
  url = {http://dx.doi.org/10.1093/biomet/57.1.97},
  year  = {1970},
  publisher = {Oxford University Press ({OUP})},
  volume = {57},
  number = {1},
  pages = {97--109},
  author = {W. K. HASTINGS},
  title = {Monte Carlo sampling methods using Markov chains and their applications},
  journal = {Biometrika}
}

@article{Robertson2012,
  doi = {10.1088/0004-637x/749/1/39},
  url = {https://doi.org/10.1088%2F0004-637x%2F749%2F1%2F39},
  year  = {2012},
  month = {mar},
  publisher = {{IOP} Publishing},
  volume = {749},
  number = {1},
  pages = {39},
  author = {Paul Robertson and Michael Endl and William D. Cochran and Phillip J. MacQueen and Robert A. Wittenmyer and J. Horner and Erik J. Brugamyer and Attila E. Simon and Stuart I. Barnes and Caroline Caldwell},
  title = {{THE} {McDONALD} {OBSERVATORY} {PLANET} {SEARCH}: {NEW} {LONG}-{PERIOD} {GIANT} {PLANETS} {AND} {TWO} {INTERACTING} {JUPITERS} {IN} {THE} {HD} 155358 {SYSTEM}},
  journal = {The Astrophysical Journal}
}

@misc{1608.07986,
Author = {Theodore Papamarkou and Eric B. Ford},
Title = {Manifold Langevin Monte Carlo with Partial Metric Updates},
Year = {2016},
Eprint = {arXiv:1608.07986},
}

@misc{1504.01418,
Author = {Cheng Zhang and Babak Shahbaba and Hongkai Zhao},
Title = {Precomputing Strategy for Hamiltonian Monte Carlo Method Based on Regularity in Parameter Space},
Year = {2015},
Eprint = {arXiv:1504.01418},
}

@article{Meyer2016,
  doi = {10.1093/bioinformatics/btw712},
  url = {https://doi.org/10.1093%2Fbioinformatics%2Fbtw712},
  year  = {2016},
  month = {dec},
  publisher = {Oxford University Press ({OUP})},
  pages = {btw712},
  author = {Xavier Meyer and Bastien Chopard and Nicolas Salamin},
  title = {Accelerating Bayesian inference for evolutionary biology models},
  journal = {Bioinformatics}
}

@article{Lan2015,
  doi = {10.1093/bioinformatics/btv378},
  url = {https://doi.org/10.1093%2Fbioinformatics%2Fbtv378},
  year  = {2015},
  month = {jun},
  publisher = {Oxford University Press ({OUP})},
  volume = {31},
  number = {20},
  pages = {3282--3289},
  author = {Shiwei Lan and Julia A. Palacios and Michael Karcher and Vladimir N. Minin and Babak Shahbaba},
  title = {An efficient Bayesian inference framework for coalescent-based nonparametric phylodynamics},
  journal = {Bioinformatics}
}

@article{Duane1987,
  doi = {10.1016/0370-2693(87)91197-x},
  url = {https://doi.org/10.1016/0370-2693(87)91197-x},
  year  = {1987},
  month = {sep},
  publisher = {Elsevier {BV}},
  volume = {195},
  number = {2},
  pages = {216--222},
  author = {Simon Duane and A.D. Kennedy and Brian J. Pendleton and Duncan Roweth},
  title = {Hybrid Monte Carlo},
  journal = {Physics Letters B}
}

@article{1206.1901,
Author = {Radford M. Neal},
Title = {MCMC using Hamiltonian dynamics},
Year = {2012},
Eprint = {arXiv:1206.1901},
Howpublished = {Published as Chapter 5 of the Handbook of Markov Chain Monte
  Carlo, 2011},
}

@misc{1001.4460,
Author = {Alexandros Beskos and Natesh S. Pillai and Gareth O. Roberts and Jesus M. Sanz-Serna and Andrew M. Stuart},
Title = {Optimal tuning of the Hybrid Monte-Carlo Algorithm},
Year = {2010},
Eprint = {arXiv:1001.4460},
}

@article{Foreman-Mackey2013,
  author={Daniel Foreman-Mackey and David W. Hogg and Dustin Lang and Jonathan Goodman},
  title={emcee: The MCMC Hammer},
  journal={Publications of the Astronomical Society of the Pacific},
  volume={125},
  number={925},
  pages={306},
  url={http://stacks.iop.org/1538-3873/125/i=925/a=306},
  year={2013},
  abstract={We introduce a stable, well tested Python implementation of the affine-invariant ensemble sampler for Markov chain Monte Carlo (MCMC) proposed by Goodman & Weare (2010). The code is open source and has already been used in several published projects in the astrophysics literature. The algorithm behind emcee has several advantages over traditional MCMC sampling methods and it has excellent performance as measured by the autocorrelation time (or function calls per independent sample). One major advantage of the algorithm is that it requires hand-tuning of only 1 or 2 parameters compared to ~ N 2 for a traditional algorithm in an N -dimensional parameter space. In this document, we describe the algorithm and the details of our implementation. Exploiting the parallelism of the ensemble method, emcee permits any user to take advantage of multiple CPU cores without extra effort. The code is available online at http://dan.iel.fm/emcee under the GNU General Public License v2.}
}
